@book{nr3ed,
    author  = "William H. Press, Saul A. Teukolsky, William T. Vetterling, Brian P. Flannery",
    title   = "NUMERICAL RECIPES
    The Art of Scientific Computing
(Third Edition)",
    year    = "2007",
    publisher = "CAMBRIDGE UNIVERSITY PRESS",
    }
@book{cppstdlib,
    author  = "Nicolai M. Josuttis",
    title   = "The C++ Standard Library
Second Edition",
    year    = "2012",
    publisher = "-AddisonWesle",
    }
@book{progcpp,
    author  = "Nebra Mathieu, Matthieu Schaller",
    title   = "Programmez avec le langage C++",
    year    = "2011",
    publisher = "-AddisonWesle",
    }